@inproceedings{cECAI,
  title={Learned Uncertainty Tubes via Recurrent Neural Networks for Planning Robust Robot Motions},
  author={Wasiela, Simon and Bouhsain, Smail Ait and Cognetti, Marco and Cort{\'e}s, Juan and Simeon, Thierry},
  booktitle={27th European Conference on Artificial Intelligence (ECAI)},
  year={2024}
}

@article{cRAL,
  title={Robust Motion Planning with Accuracy Optimization based on Learned Sensitivity Metrics},
  author={Wasiela, Simon and Cognetti, Marco and Giordano, Paolo Robuffo and Cort{\'e}s, Juan and Simeon, Thierry},
  journal={IEEE Robotics and Automation Letters},
  year={2024},
  publisher={IEEE}
}

@inproceedings{cLee,
  title = {Geometric Tracking Control of a Quadrotor UAV on SE(3)},
  booktitle = {IEEE CDC},
  author = {T. Lee and M. Leok and N. H. McClamroch},
  year = {2010},
  organization={}
}

@inproceedings{cPi,
  title = {Trajectory generation for minimum closed-loop state sensitivity},
  booktitle = {IEEE ICRA},
  author = {P. {Robuffo Giordano} and Q. Delamare and A. Franchi},
  year = {2018},
  organization={}
}

@INPROCEEDINGS{cTh,
  author={Brault, Pascal and Delamare, Quentin and {Robuffo Giordano}, Paolo},
  booktitle={IEEE ICRA},
  title={Robust Trajectory Planning with Parametric Uncertainties}, 
  year={2021},
  organization={}
}

@inproceedings{cFlat,
  title={Minimum snap trajectory generation and control for quadrotors},
  author={Mellinger, Daniel and Kumar, Vijay},
  booktitle={2011 IEEE international conference on robotics and automation},
  pages={2520--2525},
  year={2011},
  organization={IEEE}
}

@article{cDFL,
  title={WMR control via dynamic feedback linearization: design, implementation, and experimental validation},
  author={Oriolo, Giuseppe and De Luca, Alessandro and Vendittelli, Marilena},
  journal={IEEE Transactions on control systems technology},
  volume={10},
  number={6},
  pages={835--852},
  year={2002},
  publisher={IEEE}
}

@article{cDubins,
  title={On curves of minimal length with a constraint on average curvature, and with prescribed initial and terminal positions and tangents},
  author={Dubins, Lester E},
  journal={American Journal of mathematics},
  volume={79},
  number={3},
  pages={497--516},
  year={1957},
  publisher={JSTOR}
}

@article{cFigDubins,
  title={Smooth 3D dubins curves based mobile data gathering in sparse underwater sensor networks},
  author={Cai, Wenyu and Zhang, Meiyan},
  journal={Sensors},
  volume={18},
  number={7},
  pages={2105},
  year={2018},
  publisher={MDPI}
}

@MISC{cBullet,
author =   {Erwin Coumans and Yunfei Bai},
title =    {PyBullet, a Python module for physics simulation for games, robotics and machine learning},
howpublished = {\url{http://pybullet.org}},
year = {2016--2023}
}

@article{cOMPL,
    Author = {Ioan A. {\c{S}}ucan and Mark Moll and Lydia E. Kavraki},
    Doi = {10.1109/MRA.2012.2205651},
    Journal = {{IEEE} Robotics \& Automation Magazine},
    Month = {December},
    Number = {4},
    Pages = {72--82},
    Title = {The {O}pen {M}otion {P}lanning {L}ibrary},
    Note = {\url{https://ompl.kavrakilab.org}},
    Volume = {19},
    Year = {2012}
}

@article{cParareal,
  title={R{\'e}solution d'EDP par un sch{\'e}ma en temps {\guillemotleft}parar{\'e}el{\guillemotright} A``parareal''in time discretization of PDE's},
  author={Lions, J-L},
  journal={Academie des Sciences Paris Comptes Rendus Serie Sciences Mathematiques},
  volume={332},
  number={7},
  pages={661--668},
  year={2001}
}

@article{cNeuralodes,
  title={Neural ordinary differential equations},
  author={Chen, Ricky TQ and Rubanova, Yulia and Bettencourt, Jesse and Duvenaud, David K},
  journal={Advances in neural information processing systems},
  volume={31},
  year={2018}
}

@INPROCEEDINGS{cNODEmotion,
  author={Nawaz, Farhad and Li, Tianyu and Matni, Nikolai and Figueroa, Nadia},
  booktitle={2024 IEEE International Conference on Robotics and Automation (ICRA)}, 
  title={Learning Complex Motion Plans using Neural ODEs with Safety and Stability Guarantees}, 
  year={2024},
  volume={},
  number={},
  pages={17216-17222},
}

@article{cPinns,
  title={Physics-informed neural networks: A deep learning framework for solving forward and inverse problems involving nonlinear partial differential equations},
  author={Raissi, Maziar and Perdikaris, Paris and Karniadakis, George E},
  journal={Journal of Computational physics},
  volume={378},
  pages={686--707},
  year={2019},
  publisher={Elsevier}
}

@article{cPinnControl1,
  title={Physics-Informed Neural Networks to Model and Control Robots: A Theoretical and Experimental Investigation},
  author={Liu, Jingyue and Borja, Pablo and Della Santina, Cosimo},
  journal={Advanced Intelligent Systems},
  volume={6},
  number={5},
  pages={2300385},
  year={2024},
  publisher={Wiley Online Library}
}

@article{cPinnControl2,
  title={Physics-informed recurrent neural networks for soft pneumatic actuators},
  author={Sun, Wentao and Akashi, Nozomi and Kuniyoshi, Yasuo and Nakajima, Kohei},
  journal={IEEE Robotics and Automation Letters},
  volume={7},
  number={3},
  pages={6862--6869},
  year={2022},
  publisher={IEEE}
}

@article{cPinnDyna,
  title={Physics-Informed Neural Network for Model Prediction and Dynamics Parameter Identification of Collaborative Robot Joints},
  author={Yang, Xingyu and Du, Yixiong and Li, Leihui and Zhou, Zhengxue and Zhang, Xuping},
  journal={IEEE Robotics and Automation Letters},
  year={2023},
  publisher={IEEE}
}

@article{cPinnMotion,
  title={Rapidly Exploring Random Trees with Physics-Informed Neural Networks for Constrained Energy-Optimal Rendezvous Problems},
  author={Drozd, Kristofer and Furfaro, Roberto and Mortari, Daniele},
  journal={The Journal of the Astronautical Sciences},
  volume={71},
  number={1},
  pages={9},
  year={2024},
  publisher={Springer}
}

@inproceedings{cKino,
  title={Motion planning},
  author={Boeuf, Alexandre and Cort{\'e}s, Juan and Sim{\'e}on, Thierry},
  journal={Aerial Robotic Manipulation: Research, Development and Applications},
  year={2019},
  publisher={Springer}
}


@inproceedings{cRandUpRRT,
  title={Robust-RRT: Probabilistically-Complete Motion Planning for Uncertain Nonlinear Systems},
  author={Wu, Albert and Lew, Thomas and Solovey, Kiril and Schmerling, Edward and Pavone, Marco},
  booktitle={The International Symposium of Robotics Research},
  pages={},
  year={2022},
  organization={Springer}
}


@inproceedings{cRandUP,
  title={A simple and efficient sampling-based algorithm for general reachability analysis},
  author={Lew, Thomas and Janson, Lucas and Bonalli, Riccardo and Pavone, Marco},
  booktitle={Learning for Dynamics and Control Conference},
  year={2022},
  organization={PMLR}
}

@inproceedings{cSAMP,
  title={A Sensitivity-Aware Motion Planner (SAMP) to Generate Intrinsically-Robust Trajectories},
  author={Wasiela, Simon and {Robuffo Giordano}, Paolo  and Cort{\'e}s, Juan and Simeon, Thierry},
  booktitle={IEEE ICRA},
  year={2023},
  organization={}
}

@inproceedings{cRRT,
  title={Rapidly-exploring random trees: A new tool for path planning},
  author={LaValle, Steven},
  journal={Research Report 9811},
  year={1998},
  publisher={Department of Computer Science, Iowa State University}
}

@inproceedings{cTrajwithNODE,
  title={Modeling Trajectories with Neural Ordinary Differential Equations.},
  author={Liang, Yuxuan and Ouyang, Kun and Yan, Hanshu and Wang, Yiwei and Tong, Zekun and Zimmermann, Roger},
  booktitle={IJCAI},
  pages={},
  year={2021}
}

@inproceedings{cRNNforODE,
  title={Recurrent neural networks for dynamical systems: Applications to ordinary differential equations, collective motion, and hydrological modeling},
  author={Gajamannage, K and Jayathilake, DI and Park, Y and Bollt, EM},
  journal={Chaos: An Interdisciplinary Journal of Nonlinear Science},
  volume={33},
  number={1},
  year={2023},
  publisher={AIP Publishing}
}

@inproceedings{cNODE,
  title={Neural ordinary differential equations},
  author={Chen, Ricky TQ and Rubanova, Yulia and Bettencourt, Jesse and Duvenaud, David K},
  journal={Advances in neural information processing systems},
  volume={31},
  year={2018}
}

@inproceedings{cGRU,
  title={Learning Phrase Representations using RNN Encoder--Decoder for Statistical Machine Translation},
  author={Cho, Kyunghyun and van Merri{\"e}nboer, Bart and GuÌ‡l{\c{c}}ehre, {\c{C}}a{\u{g}}lar and Bahdanau, Dzmitry and Bougares, Fethi and Schwenk, Holger and Bengio, Yoshua},
  booktitle={Proceedings of the 2014 Conference on Empirical Methods in Natural Language Processing (EMNLP)},
  pages={},
  year={2014}
}

@inproceedings{cRNN,
  title={Learning Internal Representations by Error Propagation, Parallel Distributed Processing, Explorations in the Microstructure of Cognition, ed. DE Rumelhart and J. McClelland. Vol. 1. 1986},
  author={Rumelhart, David E and Hinton, Geoffrey E and Williams, Ronald J},
  journal={Biometrika},
  volume={71},
  pages={},
  year={1986}
}

@inproceedings{cLSTM,
  title={Long short-term memory},
  author={Hochreiter, Sepp and Schmidhuber, J{\"u}rgen},
  journal={Neural computation},
  volume={9},
  number={8},
  pages={},
  year={1997},
  publisher={MIT press}
}

@article{cTrans,
  title={Attention is all you need},
  author={Vaswani, Ashish and Shazeer, Noam and Parmar, Niki and Uszkoreit, Jakob and Jones, Llion and Gomez, Aidan N and others},
  journal={Advances in neural information processing systems},
  volume={30},
  number={1},
  pages={},
  year={2017}
}

@inproceedings{cJit,
	author = {Gerrit Ansmann},
	title = {Efficiently and easily integrating differential equations with {JiTCODE}, {JiTCDDE}, and {JiTCSDE}},
	year = {2018},
	journal = {Chaos},
	volume = {28},
	number = {4},
	pages = {},
	doi = {10.1063/1.5019320},
}

@inproceedings{kingma2014adam,
  title={Adam: A method for stochastic optimization},
  author={Kingma, Diederik P and Ba, Jimmy},
  journal={arXiv preprint arXiv:1412.6980},
  year={2014}
}

@inproceedings{cSTOMP,
  title={STOMP: Stochastic trajectory optimization for motion planning},
  author={Kalakrishnan, Mrinal and Chitta, Sachin and Theodorou, Evangelos and Pastor, Peter and Schaal, Stefan},
  booktitle={2011 IEEE international conference on robotics and automation},
  pages={4569--4574},
  year={2011},
  organization={IEEE}
}

@inproceedings{cdopri5,
  title={A family of embedded Runge-Kutta formulae},
  author={Dormand, John R and Prince, Peter J},
  journal={Journal of computational and applied mathematics},
  volume={6},
  number={1},
  pages={},
  year={1980},
  publisher={Elsevier}
}

@inproceedings{cRRTstar,
  title={Sampling-based algorithms for optimal motion planning},
  author={Karaman, Sertac and Frazzoli, Emilio},
  journal={The international journal of robotics research},
  volume={30},
  number={7},
  pages={},
  year={2011},
  publisher={Sage Publications Sage UK: London, England}
}

@article{cGPTRobotics,
  title={Chatgpt for robotics: Design principles and model abilities},
  author={Vemprala, Sai H and Bonatti, Rogerio and Bucker, Arthur and Kapoor, Ashish},
  journal={IEEE Access},
  year={2024},
  publisher={IEEE}
}

@inproceedings{cTubeMPCLearning,
  title={Deep learning tubes for tube {MPC}},
  author={Fan, David D and Agha-mohammadi, Ali-akbar and Theodorou, Evangelos A},
  journal={Robotics: Science and Systems (RSS)},
  year={2020}
}

@inproceedings{cRNNTraj1,
  title={Modeling Trajectories with Neural Ordinary Differential Equations.},
  author={Liang, Yuxuan and Ouyang, Kun and Yan, Hanshu and Wang, Yiwei and Tong, Zekun and Zimmermann, Roger},
  booktitle={IJCAI},
  pages={},
  year={2021}
}


@inproceedings{cRNNTraj2,
  title={Robotic path planning using recurrent neural networks},
  author={Nair, Ramya S and Supriya, P},
  booktitle={IEEE ICCCNT},
  year={2020},
  organization={}
}

@inproceedings{crnnodes,
  title={Recurrent neural networks for dynamical systems: Applications to ordinary differential equations, collective motion, and hydrological modeling},
  author={Gajamannage, K and Jayathilake, DI and Park, Y and Bollt, EM},
  journal={Chaos: An Interdisciplinary Journal of Nonlinear Science},
  volume={33},
  number={1},
  year={2023},
  publisher={AIP Publishing}
}

@inproceedings{zieger2022non,
  title={Non-diverging neural networks supported tube model predictive control},
  author={Zieger, Tim and Nguyen, Hoang Hai and Schulz, Erik and Oehlschl{\"a}gel, Thimo and Findeisen, Rolf},
  booktitle={2022 IEEE 61st Conference on Decision and Control (CDC)},
  pages={},
  year={2022},
  organization={IEEE}
}


@inproceedings{zhang2024robust,
  title={Robust Learning-based Model Predictive Control for Wave Energy Converters},
  author={Zhang, Yujia and Li, Guang and Al-Ani, Mustafa},
  journal={IEEE Transactions on Sustainable Energy},
  year={2024},
  publisher={IEEE}
}

@inproceedings{mishra2021deep,
  title={Deep model predictive control with stability guarantees},
  author={Mishra, Prabhat K and Gasparino, Mateus V and Velsasquez, Andres EB and Chowdhary, Girish},
  journal={arXiv preprint arXiv:2104.07171},
  year={2021}
}

@misc{cExpVid,
  TYPE = {Videos},
  TITLE = {{Robust Motion Planning and Accuracy Optimization based on Learned Sensitivity Metric}},
  AUTHOR = {Wasiela, Simon and Cognetti, Marco and Robuffo Giordano, Paolo and Cort{\'e}s, Juan and Simeon, Thierry},
  URL = {https://laas.hal.science/hal-04642257},
  YEAR = {2024},
  MONTH = Jul,
  HAL_ID = {hal-04642257},
  HAL_VERSION = {v1},
}

@phdthesis{cTubePascal,
  title={Robust trajectory planning algorithms for robots with parametric uncertainties},
  author={Brault, Pascal},
  year={2023},
  school={Universit{\'e} de Rennes},
  url = {http://rainbow-doc.irisa.fr/pdf/2023_phd_brault.pdf}
}


@article{cTube,
title = "Safe and Robust Planning for Uncertain Robots: A Closed-Loop State Sensitivity Approach",
author = "Amr Afifi and Tommaso Belvedere and Andrea Pupa and {Robuffo Giordano}, Paolo and Antonio Franchi",
year = "2024",
journal = "IEEE Robotics and automation letters",
}

@article{cLQRTrees,
  title={LQR-trees: Feedback motion planning via sums-of-squares verification},
  author={Tedrake, Russ and Manchester, Ian R and Tobenkin, Mark and Roberts, John W},
  journal={The International Journal of Robotics Research},
  volume={29},
  number={8},
  pages={},
  year={2010},
  publisher={SAGE Publications Sage UK: London, England}
}


@article{cMajundarLibrary,
  title={Funnel libraries for real-time robust feedback motion planning},
  author={Majumdar, Anirudha and Tedrake, Russ},
  journal={The International Journal of Robotics Research},
  volume={36},
  number={8},
  pages={},
  year={2017},
  publisher={SAGE Publications Sage UK: London, England}
}


@article{cRobustOptiInvariantTube,
  title={Robust direct trajectory optimization using approximate invariant funnels},
  author={Manchester, Zachary and Kuindersma, Scott},
  journal={Autonomous Robots},
  volume={43},
  pages={},
  year={2019},
  publisher={Springer}
}


@inproceedings{cContractThControlLearning,
  title={Model error propagation via learned contraction metrics for safe feedback motion planning of unknown systems},
  author={Chou, Glen and Ozay, Necmiye and Berenson, Dmitry},
  booktitle={IEEE CDC},
  year={2021},
  organization={}
}

@inproceedings{cContractThOnlineMP,
  title={Robust online motion planning via contraction theory and convex optimization},
  author={Singh, Sumeet and Majumdar, Anirudha and Slotine, Jean-Jacques and Pavone, Marco},
  booktitle={IEEE ICRA},
  pages={},
  year={2017},
  organization={}
}


@article{cContractThControl,
  title={Tube-certified trajectory tracking for nonlinear systems with robust control contraction metrics},
  author={Zhao, Pan and Lakshmanan, Arun and Ackerman, Kasey and Gahlawat, Aditya and Pavone, Marco and Hovakimyan, Naira},
  journal={IEEE Robotics and Automation Letters},
  volume={7},
  number={2},
  pages={},
  year={2022},
  publisher={}
}


@inproceedings{cContractThMP,
  title={Safe motion planning with tubes and contraction metrics},
  author={Singh, Sumeet and Tsukamoto, Hiroyasu and Lopez, Brett T and Chung, Soon-Jo and Slotine, Jean-Jacques},
  booktitle={IEEE CDC},
  year={2021},
  organization={}
}


@article{cControlAwareAerialManip,
  title={Control-aware motion planning for task-constrained aerial manipulation},
  author={Tognon, Marco and Cataldi, Elisabetta and Chavez, Hermes Amadeus Tello and Antonelli, Gianluca and Cort{\'e}s, Juan and Franchi, Antonio},
  journal={IEEE Robotics and Automation Letters},
  volume={3},
  number={3},
  pages={},
  year={2018},
  publisher={}
}


@article{cNavigationPOMPDP,
  title = {A Robot Navigation Architecture Based on Partially Observable Markov Decision Process Models},
  author = {S. Koenig and R. Simmons},
  journal={Kortenkamp Al-ROBOTS},
  year={1998}
}

@inproceedings{cUncertaintyPOMDP,
  title = {Minimum uncertainty robot path planning using a POMDP approach},
  booktitle = {IEEE IROS},
  author = {S. Candido and S. Hutchinson},
  year = {2010},
  organization={}
}

@inproceedings{cLazy1,
  title={Path planning using lazy PRM},
  author={Bohlin, Robert and Kavraki, Lydia E},
  booktitle={Proceedings 2000 ICRA. Millennium conference. IEEE international conference on robotics and automation. Symposia proceedings (Cat. No. 00CH37065)},
  volume={1},
  pages={521--528},
  year={2000},
  organization={IEEE}
}

@inproceedings{cLazy2,
  title={Lazy collision checking in asymptotically-optimal motion planning},
  author={Hauser, Kris},
  booktitle={2015 IEEE international conference on robotics and automation (ICRA)},
  pages={2951--2957},
  year={2015},
  organization={IEEE}
}

@article{cSST,
  title={Asymptotically optimal sampling-based kinodynamic planning},
  author={Li, Yanbo and Littlefield, Zakary and Bekris, Kostas E},
  journal={The International Journal of Robotics Research},
  volume={35},
  number={5},
  pages={},
  year={2016},
  publisher={SAGE Publications Sage UK: London, England}
}

@article{cFrazzoli,
  title={A survey of motion planning and control techniques for self-driving urban vehicles},
  author={Paden, Brian and {\v{C}}{\'a}p, Michal and Yong, Sze Zheng and Yershov, Dmitry and Frazzoli, Emilio},
  journal={IEEE Transactions on intelligent vehicles},
  volume={1},
  number={1},
  pages={33--55},
  year={2016},
  publisher={IEEE}
}

@book{cLavalle,
  author       = {S. M. LaValle},
  title        = {Planning Algorithms},
  publisher    = {Cambridge University Press},
  address      = {Cambridge, U.K.},
  note         = {Available at http://planning.cs.uiuc.edu/},
  year         = {2006}
}

@article{cKavraki,
  title={Sampling-based motion planning: A comparative review},
  author={Orthey, Andreas and Chamzas, Constantinos and Kavraki, Lydia E},
  journal={Annual Review of Control, Robotics, and Autonomous Systems},
  volume={7},
  year={2023},
  publisher={Annual Reviews}
}

@article{cDijk,
  author = "Edsger. W. Dijkstra",
  title = "A note on two problems in connexion with graphs.",
  year = "1959",
  journal = "Numerische Mathematik",
  volume = 1,
  pages = {269--271}
}

@article{cConfigSpace,
  title={An algorithm for planning collision-free paths among polyhedral obstacles},
  author={Lozano-P{\'e}rez, Tom{\'a}s and Wesley, Michael A},
  journal={Communications of the ACM},
  volume={22},
  number={10},
  pages={560--570},
  year={1979},
  publisher={ACM New York, NY, USA}
}

@book{cSpatialPlan,
  title={Spatial planning: A configuration space approach},
  author={Lozano-Perez, Tomas},
  year={1990},
  publisher={Springer}
}

@article{cAPF,
  title={Real-time obstacle avoidance for manipulators and mobile robots},
  author={Khatib, Oussama},
  journal={The international journal of robotics research},
  volume={5},
  number={1},
  pages={90--98},
  year={1986},
  publisher={Sage Publications Sage CA: Thousand Oaks, CA}
}

@article{cLatombe,
  title={Robot motion planning: A distributed representation approach},
  author={Barraquand, Jerome and Latombe, Jean-Claude},
  journal={The International Journal of Robotics Research},
  volume={10},
  number={6},
  pages={628--649},
  year={1991},
  publisher={Sage Publications Sage CA: Thousand Oaks, CA}
}

@article{cA*,
  title={A formal basis for the heuristic determination of minimum cost paths},
  author={Hart, Peter E and Nilsson, Nils J and Raphael, Bertram},
  journal={IEEE transactions on Systems Science and Cybernetics},
  volume={4},
  number={2},
  pages={100--107},
  year={1968},
  publisher={IEEE}
}

@inproceedings{cSampling,
  title={Dynamic-domain RRTs: Efficient exploration by controlling the sampling domain},
  author={Yershova, Anna and Jaillet, L{\'e}onard and Sim{\'e}on, Thierry and LaValle, Steven M},
  booktitle={Proceedings of the 2005 IEEE international conference on robotics and automation},
  pages={3856--3861},
  year={2005},
  organization={IEEE}
}

@article{cMolecular,
  title={Motion planning algorithms for molecular simulations: A survey},
  author={Al-Bluwi, Ibrahim and Sim{\'e}on, Thierry and Cort{\'e}s, Juan},
  journal={Computer Science Review},
  volume={6},
  number={4},
  pages={125--143},
  year={2012},
  publisher={Elsevier}
}

@article{cReeds,
  title={Optimal paths for a car that goes both forwards and backwards},
  author={Reeds, James and Shepp, Lawrence},
  journal={Pacific journal of mathematics},
  volume={145},
  number={2},
  pages={367--393},
  year={1990},
  publisher={Mathematical Sciences Publishers}
}

@article{cFMT,
  title={Fast marching tree: A fast marching sampling-based method for optimal motion planning in many dimensions},
  author={Janson, Lucas and Schmerling, Edward and Clark, Ashley and Pavone, Marco},
  journal={The International journal of robotics research},
  volume={34},
  number={7},
  pages={},
  year={2015},
  publisher={SAGE Publications Sage UK: London, England}
}


@article{cPRM,
  title={Probabilistic roadmaps for path planning in high-dimensional configuration spaces},
  author={Kavraki, Lydia E and Svestka, Petr and Latombe, J-C and Overmars, Mark H},
  journal={IEEE Transactions on Robotics and Automation},
  volume={12},
  number={4},
  pages={},
  year={1996},
  publisher={}
}


@article{cObastaclePredictionwithLSTM,
  title={Surround vehicle motion prediction using LSTM-RNN for motion planning of autonomous vehicles at multi-lane turn intersections},
  author={Jeong, Yonghwan and Kim, Seonwook and Yi, Kyongsu},
  journal={IEEE OJ-ITS},
  year={2020},
  publisher={}
}

@inproceedings{cMPwithRL,
  title={Motion planning among dynamic, decision-making agents with deep reinforcement learning},
  author={Everett, Michael and Chen, Yu Fan and How, Jonathan P},
  booktitle={IEEE IROS},
  year={2018},
  organization={}
}

@inproceedings{cPathPlanningRNN,
  title={Robotic path planning using recurrent neural networks},
  author={Nair, Ramya S and Supriya, P},
  booktitle={IEEE ICCCNT},
  year={2020},
  organization={}
}

@incollection{cPytorch,
  title     = {PyTorch: An Imperative Style, High-Performance Deep
Learning Library},
  author    = {Paszke, Adam and Gross, Sam and Massa, Francisco and
Lerer, Adam and Bradbury, James and Chanan, Gregory and Killeen, Trevor
and Lin, Zeming and Gimelshein, Natalia and Antiga, Luca and Desmaison,
Alban and Kopf, Andreas and Yang, Edward and DeVito, Zachary and
Raison, Martin and Tejani, Alykhan and Chilamkurthy, Sasank and
Steiner, Benoit and Fang, Lu and Bai, Junjie and Chintala, Soumith},
  booktitle = {Advances in Neural Information Processing Systems 32},
  year      = {2019},
  pages = {8024--8035},
  publisher = {Curran Associates, Inc.},
  url       =
{http://papers.neurips.cc/paper/9015-pytorch-an-imperative-style-high-performance-deep-learning-library.pdf
}
}

@book{cCOBYLA,
  title={A direct search optimization method that models the objective and constraint functions by linear interpolation},
  author={Powell, Michael JD},
  year={1994},
  publisher={Springer}
}

@article{cAutodifPytorch,
  title={Automatic differentiation in PyTorch},
  author={Paszke, Adam and Gross, Sam and Chintala, Soumith and Chanan,
Gregory and Yang, Edward and DeVito, Zachary and Lin, Zeming and
Desmaison, Alban and Antiga, Luca and Lerer, Adam},
  year={2017}
}

@inproceedings{cGenom3,
  title={GenoM3: Building middleware-independent robotic components},
  author={Mallet, Anthony and Pasteur, C{\'e}dric and Herrb, Matthieu and Lemaignan, S{\'e}verin and Ingrand, F{\'e}lix},
  booktitle={2010 IEEE International Conference on Robotics and Automation},
  pages={4627--4632},
  year={2010},
  organization={IEEE}
}


@article{cShortcut,
  title={Creating high-quality paths for motion planning},
  author={Geraerts, Roland and Overmars, Mark H},
  journal={The international journal of robotics research},
  volume={26},
  number={8},
  pages={},
  year={2007},
  publisher={Sage Publications Sage UK: London, England}
}

@article{cTRRTstar,
  title={Optimal path planning in complex cost spaces with sampling-based algorithms},
  author={Devaurs, Didier and Sim{\'e}on, Thierry and Cort{\'e}s, Juan},
  journal={IEEE Transactions on Automation Science and Engineering},
  volume={13},
  number={2},
  pages={},
  year={2015},
  publisher={IEEE}
}


@article{cTRRT,
  title={Sampling-based path planning on configuration-space costmaps},
  author={Jaillet, L{\'e}onard and Cort{\'e}s, Juan and Sim{\'e}on, Thierry},
  journal={IEEE Transactions on Robotics},
  volume={26},
  number={4},
  pages={},
  year={2010},
  publisher={}
}

@article{cSurveyOptimalSBMP,
  title={A Survey of Asymptotically Optimal Sampling-based
Motion Planning Methods},
  author={D. Gammel, Jonathan and P. Strub, Marlin},
   journal={Annu. Rev. Control Robot. Auton. Syst.},
  year={2021}
}

@incollection{cRMPC,
  title={Robust optimization for MPC},
  author={Houska, Boris and Villanueva, Mario E},
  booktitle={Handbook of model predictive control},
  year={2019},
  publisher={Springer}
}

@inproceedings{AliIROS,
  title={Controller and Trajectory Optimization for a Quadrotor UAV with Parametric Uncertainty},
  author={Srour, Ali and Franchi, Antonio and P. {Robuffo Giordano}},
  booktitle={IEEE IROS},
  year={2023},
  organization={}
}

@inproceedings{cFaSTrack,
  title={FaSTrack: A modular framework for fast and guaranteed safe motion planning},
  author={Herbert, Sylvia L and Chen, Mo and Han, SooJean and Bansal, Somil and Fisac, Jaime F and Tomlin, Claire J},
  booktitle={IEEE CDC},
  year={2017},
  organization={}
}

@article{cTMPC,
  title={Robust tube-based MPC for tracking of constrained linear systems with additive disturbances},
  author={Lim{\'o}n, Daniel and Alvarado, Ignacio and Alamo, TEFC and Camacho, Eduardo F},
  journal={Journal of Process Control},
  volume={20},
  number={3},
  pages={},
  year={2010},
  publisher={Elsevier}
}

